<?xml version="1.0" encoding="UTF-8"?><collection xmlns="http://www.loc.gov/MARC21/slim"><record><leader>00643nam--2200193-i-4500</leader><controlfield tag="001">000013402</controlfield><controlfield tag="002">20161230</controlfield><controlfield tag="005">20161230201030</controlfield><controlfield tag="008">060222s1000------------r-----000-0-eng-d</controlfield><datafield ind1=" " ind2=" " tag="040"><subfield code="a">IFIN-HH</subfield></datafield><datafield ind1=" " ind2=" " tag="080"><subfield code="a">621.375</subfield></datafield><datafield ind1="1" ind2=" " tag="100"><subfield code="a">Ferris, S.D</subfield></datafield><datafield ind1="1" ind2="0" tag="245"><subfield code="a">Laser-solid interactions and laser processing - 1978 (materials research society, boston). aip conference proceedings, number 50</subfield><subfield code="c">S.d. ferris, h.j. leamy, j.m. poate (eds.)</subfield></datafield><datafield ind1=" " ind2=" " tag="260"><subfield code="a">New York</subfield><subfield code="b">American Institute Of Physics</subfield><subfield code="c">1979</subfield></datafield><datafield ind1=" " ind2=" " tag="300"><subfield code="a">XVI+685P</subfield></datafield><datafield ind1=" " ind2=" " tag="490"><subfield code="a">Aip Conference Proceedings, 50</subfield></datafield><datafield ind1="1" ind2=" " tag="700"><subfield code="a">Poate, J.M</subfield><subfield code="e">Ed</subfield></datafield><datafield ind1=" " ind2=" " tag="852"><subfield code="a">37027</subfield><subfield code="c">53</subfield></datafield><datafield ind1=" " ind2=" " tag="CAT"><subfield code="a">Sys</subfield><subfield code="c">20150313</subfield><subfield code="h">132254</subfield></datafield></record></collection>